4674 7270
938 449 1453 548 plantario.

390 665 618 762 Provincia
641 701 686 762 ac
705 666 885 762 literariae
901 666 1157 799 Reipublicae
1178 669 1384 795 Principes
1404 660 1555 778 suere,
1590 659 1751 799 suaque
1778 662 2017 763 eruditionis

389 805 544 938 scriptis
571 809 887 919 monumentis,
931 811 1057 903 veluti
1078 805 1245 940 posteris
1273 807 1450 910 relidis,
1496 801 1680 903 ditltunt
1703 819 1747 902 &
1766 808 2017 939 amplilrunt

391 948 677 1061 Provinciam,
706 947 888 1041 &nobis
919 946 1114 1044 strnilium
1132 975 1201 1042 aut
1217 941 1542 1077 praestantiorum
1563 978 1738 1078 operum
1760 945 2019 1043 edendorum

394 1086 459 1178 vel
474 1088 698 1184 hortatores
723 1085 788 1182 vel
819 1083 940 1181 duces
959 1086 1124 1183 extitere
1145 1119 1160 1194 r
1205 1117 1372 1215 aequum
1397 1088 1511 1181 enirn
1537 1081 1624 1197 cst,
1658 1085 1739 1181 hoc
1757 1084 1885 1180 laudis
1915 1119 2018 1218 pcn-

394 1223 485 1318 sum
509 1230 619 1320 velut
637 1228 836 1322 tributum
860 1225 1089 1356 dependere
1114 1222 1298 1357 posteros
1317 1225 1397 1336 iis,
1431 1259 1613 1357 quorum
1636 1225 1788 1356 opibus
1808 1223 2019 1322 liberaliter

396 1367 440 1457 in
452 1399 725 1462 communem
747 1399 835 1459 rcrn
855 1365 1034 1482 collatis,
1054 1367 1181 1461 veluti
1204 1364 1332 1496 plenis
1342 1369 1492 1462 artium
1507 1391 1579 1462 aut
1592 1361 1852 1462 scientiarum
1865 1363 2021 1462 horreis

394 1537 441 1598 ac
462 1538 572 1634 penu
593 1533 734 1638 parato
753 1509 907 1599 utimur
927 1503 1113 1637 quotidie
1140 1540 1186 1601 ac
1206 1501 1394 1601 fruimur.

245 1733 342 1825 §¹¹-
532 1721 905 1821 Archi-Dioecesn
939 1727 1113 1821 nomine
1145 1723 1418 1855 intelligamus
1453 1759 1518 1820 eas
1551 1725 1816 1836 Provincias,
1857 1727 1901 1820 in
1919 1757 2022 1855 quas

206 1837 374 2030 &¹²¹⁵er
393 1862 611 1994 politicum
647 1864 768 1960 fimul
798 1899 845 1961 ac
877 1862 1055 1979 ficorum,
1092 1892 1163 1960 aut
1193 1862 1349 1960 sacrum
1386 1863 1547 1981 soldm,
1580 1868 1643 1992 jus
1673 1862 1770 1958 dicit
1802 1866 2025 1994 Metropo-

206 2029 324 2104 Archi·
395 2005 465 2098 lita
508 2004 770 2100 Colonicnfis
803 2047 818 2124 3
889 2037 978 2100 non
1020 2007 1124 2100 vero
1163 2004 1480 2135 complectimur
1514 2005 1597 2100 hoc
1631 2005 1803 2099 nornine
1838 2000 2027 2137 suffraga-

204 2121 364 2300 {35⁶⁸
395 2176 489 2241 neas
524 2144 772 2258 Dioeceses‚
806 2141 1097 2263 leodiensem,
1131 2141 1533 2261 Monallerienlem‚
1567 2139 1853 2262 verdensem,
1888 2142 2026 2242 offla.

206 2327 326 2400 niensis
397 2281 664 2417 brugensem,
701 2281 995 2400 Mindensem‚
1029 2297 1075 2378 ὃ(
1109 2283 1213 2379 olim
1260 2281 1613 2411 Ultrajcdenscm.

207 2424 354 2599 ᾗᾞιξ
534 2469 730 2561 Ditiones
765 2470 807 2561 in
842 2492 1019 2595 utroque
1054 2461 1149 2559 foro
1182 2461 1353 2560 subditae
1389 2468 1566 2563 Electori
1598 2463 1721 2563 sunta
1759 2467 1857 2570 imo
1880 2469 2026 2568 archi·

397 2603 603 2703 Dioecests
639 2603 914 2702 Coloniensts.
971 2636 1010 2698 2.
1052 2609 1241 2698 Ducatus
1272 2603 1546 2738 Wellphaliae.
1600 2642 1635 2731 3.
1673 2613 1911 2706 Comitatus
1931 2623 2029 2705 An.

396 2753 548 2879 gariae,
595 2756 639 2840 &
686 2778 737 2866 4.
776 2743 1054 2875 llrensbcrgae.
1133 2775 1172 2868 5.
1221 2743 1340 2839 Vesta
1378 2743 1767 2848 necklinckhusana,
1837 2755 2027 2880 Princeps

395 2889 601 2984 sacrorum
638 2883 832 2980 duntaxat
866 2880 923 2978 est
958 2889 1001 2976 in
1045 2885 1208 2978 Ducatu
1239 2883 1487 3005 Juliacenfi,
1530 2916 1572 2990 a
1601 2889 1839 3008 Mummii,
1874 2927 1908 3018 3.
1935 2893 2028 2990 cli-

396 3026 533 3140 vensr‚
569 3063 614 3148 4.
651 3029 884 3157 Principatu
919 3018 1171 3136 Moersenfi,
1204 3053 1237 3142 5.
1270 3030 1491 3121 Comitatu
1527 3027 1767 3150 Marcano,
1801 3049 1844 3128 6.
1879 3031 2029 3128 Distri-

399 3175 471 3264 ctu
505 3163 761 3266 kllertdtenst.

538 3410 645 3506 Sunt
674 3410 781 3501 tertii
815 3402 971 3534 generis
1003 3396 1126 3515 loca,
1170 3431 1264 3533 quae
1297 3401 1513 3533 politico,
1566 3435 1657 3502 non
1695 3401 1808 3504 sacro
1833 3405 2031 3504 dominio

400 3545 606 3644 Antistitis
639 3543 768 3642 nostri
806 3541 1036 3672 [objacent-a
1070 3569 1169 3671 puta
1190 3539 1515 3656 andernacum,
1538 3546 1775 3666 Lintzium,
1811 3559 1894 3656 &q
1929 3583 2031 3678 qua.

404 3721 500 3782 turn
521 3690 686 3784 urbium
710 3689 877 3797 Curiae,
900 3678 1167 3802 Colonienli3
1205 3682 1416 3797 Rode-liat,
1447 3675 1677 3782 Trevircnst
1697 3687 2034 3816 Archi-Episco-

404 3831 466 3954 pis
501 3853 656 3960 parent.
732 3835 852 3951 lam,
885 3849 1096 3954 quotquot
1127 3825 1175 3913 -in
1212 3819 1272 3913 his
1306 3821 1541 3951 tegionrbus
1576 3831 1659 3918 nati
1679 3827 1772 3922 sunt
1794 3833 2031 3960 Scriptores,

403 3967 559 4063 horum
594 3973 695 4064 vitas
729 3964 847 4061 edere
889 3992 1008 4056 mens
1037 3955 1117 4078 cst3
1148 3957 1178 4056 sr
1210 3957 1310 4054 veris
1346 3961 1468 4088 hujus
1503 3958 1588 4056 loci
1620 3969 1707 4059 nati
1741 3966 1913 4097 quidem
1943 4001 2034 4062 non

406 4103 506 4220 ltnt,
540 4135 580 4202 at
609 4101 812 4202 beneficio
846 4101 910 4196 vcl
946 4103 1115 4211 officio,
1158 4098 1223 4194 vel
1257 4099 1454 4195 diuturno
1484 4101 1668 4200 incolatu
1703 4110 1910 4204 civitatem
1944 4141 2038 4202 me·

403 4239 519 4340 tuille
555 4247 769 4359 videntur,
802 4239 967 4336 eosdem
1003 4236 1064 4337 uti
1097 4237 1291 4336 nostrates
1327 4239 1593 4343 censebimus.
1662 4244 1732 4341 list
1766 4246 1867 4343 illud
1901 4245 2037 4342 adhuc

404 4386 694 4496 monendum,
730 4387 952 4516 Scriptores
985 4376 1091 4473 intral
1115 4377 1272 4474 Archi·
1291 4379 1507 4476 'Droecefin
1547 4408 1666 4481 natos
1701 4386 1794 4518 poll
1819 4381 2035 4483 decursum

405 4557 562 4620 novem
599 4528 844 4624 ultimorum
875 4519 1119 4616 sacculorum
1154 4515 1313 4647 (quales
1346 4520 1455 4651 pent}
1491 4553 1639 4624 omncs
1675 4530 1782 4646 sunt)
1819 4561 1907 4624 non
1926 4525 2036 4623 redd

405 4667 486 4762 dici
517 4665 680 4801 Belgas,
713 4661 831 4796 quod
867 4657 1060 4757 Pantaleo
1095 4671 1136 4756 δι
1179 4661 1309 4756 Valet.
1339 4659 1523 4756 Andreas
1558 4661 1664 4795 sapi
1698 4664 1871 4765 faciunt.
1941 4672 2039 4762 Scio

408 4806 557 4903 sarculis
590 4812 755 4939 primo,
790 4797 996 4915 secundo,
1030 4804 1188 4916 terrio,
1240 4829 1387 4933 quarto
1429 4815 1471 4895 δι
1507 4807 1657 4935 quinto
1688 4809 1834 4904 Galliac
1869 4808 2041 4942 Belgicae

408 4977 699 5044 annumeratos
734 4939 846 5040 futile
884 4939 1097 5072 populares
1114 4937 1305 5059 nollros,
1339 4937 1495 5074 erisque
1514 4941 1681 5076 paruille
1707 4948 1902 5045 Praefecto
1935 4959 2041 5043 Pra-

410 5092 523 5184 torio
560 5089 817 5201 Galliarum,
853 5087 897 5178 tit
924 5117 973 5176 cx
1007 5081 1092 5178 cod.
1126 5082 1370 5209 Theodqiano
1406 5083 1559 5215 liquet,
1591 5084 1615 5179 i
1646 5089 1803 5221 legibus
1840 5091 2041 5185 Coloniae

414 5231 653 5362 Agrippinae
685 5233 796 5338 latis,
832 5261 879 5318 ac
914 5221 1110 5318 l'raelcdlo
1131 5222 1362 5322 Galliarum
1392 5222 1610 5322 insinuatis.
1682 5236 1801 5347 Scio,
1835 5257 2042 5332 anteeant

411 5373 573 5500 imperii
612 5364 858 5464 divisionem
905 5361 1167 5496 Metropolin
1201 5359 1313 5458 fuisse
1347 5363 1528 5464 nostram
1550 5371 1776 5468 Coloniam
1802 5371 2043 5465 Germanias

412 5507 623 5626 secundat,
659 5503 721 5602 uti
756 5507 1097 5636 Mogontiacus
1134 5507 1373 5601 Germaniae
1404 5515 1560 5637 primae.
1632 5519 1750 5627 Scio,
1776 5511 1928 5610 sacculo
1964 5515 2043 5622 Vl,

413 5657 539 5766 Vll,
578 5653 733 5761 lllll,
770 5653 841 5740 Xl
879 5644 952 5738 sub
974 5647 1132 5742 Francis
1166 5679 1246 5741 nos
1280 5645 1417 5743 vixillc
1454 5655 1566 5746 vario
1600 5658 1773 5748 nornine
1796 5671 2043 5766 Framorum,

413 5798 726 5925 ilr'puarr'orum,
777 5786 1058 5913 Austrafiorum
1102 5789 1128 5883 al
1172 5786 1332 5886 dtvcrfis
1379 5793 1590 5890 llistorict's
1635 5795 1791 5891 diversi
1830 5791 2045 5891 occtlions

413 5960 688 6062 nuncupatos.

554 6109 741 6227 Vcnim,
772 6110 834 6208 utl
868 6115 1007 6206 omnis
1041 6108 1176 6206 forma
1209 6111 1363 6211 Politia
1386 6121 1618 6234 Romanae,
1654 6121 1851 6236 Gallicae,
1884 6123 2047 6250 Ripua-

418 6259 507 6371 riae.,
542 6253 751 6349 Aullrssrae
786 6253 931 6351 saeculo
958 6287 1078 6348 nono
1104 6281 1274 6346 exeunte
1306 6258 1496 6356 conversa
1527 6259 1639 6378 luit,
1673 6278 1717 6360 δε
1747 6273 1833 6392 jans
1857 6260 1912 6356 ab
1944 6265 2044 6362 οᾶο

416 6394 568 6493 seculis
602 6407 648 6490 δι
679 6397 853 6530 amplius
898 6395 1384 6500 Romano-Germanici
1421 6407 1587 6537 lrnper'ti
1631 6412 1769 6540 portio
1806 6401 1953 6502 nobilis
1998 6400 2046 6498 lit

1817 6545 1982 6648 Eltdlor
